<record><leader>00000cas a2200000 a 4500</leader><controlfield tag="001">36304796</controlfield><controlfield tag="008">970131d18uu1926miuwr n       0    0eng c</controlfield><datafield ind1=" " ind2=" " tag="010"><subfield code="a">sn 97063084 </subfield></datafield><datafield ind1=" " ind2=" " tag="040"><subfield code="a">MHN</subfield><subfield code="b">eng</subfield><subfield code="c">MHN</subfield><subfield code="d">OCL</subfield><subfield code="d">OCLCQ</subfield><subfield code="d">OCLCO</subfield></datafield><datafield ind1="1" ind2=" " tag="029"><subfield code="a">AU@</subfield><subfield code="b">000013092606</subfield></datafield><datafield ind1=" " ind2=" " tag="042"><subfield code="a">pcc</subfield></datafield><datafield ind1=" " ind2=" " tag="043"><subfield code="a">n-us-mi</subfield></datafield><datafield ind1="0" ind2="0" tag="245"><subfield code="a">Sanilac County Republican.</subfield></datafield><datafield ind1=" " ind2=" " tag="260"><subfield code="a">Sanilac Centre, Mich. :</subfield><subfield code="b">Geo. E. English</subfield></datafield><datafield ind1=" " ind2=" " tag="300"><subfield code="a">v.</subfield></datafield><datafield ind1=" " ind2=" " tag="310"><subfield code="a">Weekly</subfield></datafield><datafield ind1="1" ind2=" " tag="362"><subfield code="a">Ceased in 1926?</subfield></datafield><datafield ind1=" " ind2=" " tag="580"><subfield code="a">Merged with: Sandusky tribune, to form: Sandusky Republican-tribune.</subfield></datafield><datafield ind1=" " ind2=" " tag="588"><subfield code="a">Description based on: Vol. 8, no. 26 (Jan. 4, 1894) = whole no. 393.</subfield></datafield><datafield ind1=" " ind2="0" tag="651"><subfield code="a">Sanilac Centre (Mich.)</subfield><subfield code="v">Newspapers.</subfield></datafield><datafield ind1=" " ind2="0" tag="651"><subfield code="a">Sandusky (Mich.)</subfield><subfield code="v">Newspapers.</subfield></datafield><datafield ind1=" " ind2="0" tag="651"><subfield code="a">Sanilac County (Mich.)</subfield><subfield code="v">Newspapers.</subfield></datafield><datafield ind1=" " ind2=" " tag="752"><subfield code="a">United States</subfield><subfield code="b">Michigan</subfield><subfield code="c">Sanilac</subfield><subfield code="d">Sanilac Centre.</subfield></datafield><datafield ind1=" " ind2=" " tag="752"><subfield code="a">United States</subfield><subfield code="b">Michigan</subfield><subfield code="c">Sanilac</subfield><subfield code="d">Sandusky.</subfield></datafield><datafield ind1="1" ind2="7" tag="785"><subfield code="t">Sandusky tribune</subfield><subfield code="w">(DLC)sn 97063084</subfield><subfield code="w">(OCoLC)36304796</subfield></datafield><datafield ind1="1" ind2="7" tag="785"><subfield code="t">Sandusky Republican-tribune</subfield><subfield code="w">(DLC)sn 97063082</subfield><subfield code="w">(OCoLC)36304747</subfield></datafield></record>